% -*- coding: utf-8 -*-

@book{newman2006structure,
  title={The structure and dynamics of networks},
  author={Newman, Mark and Barab{\'a}si, Albert-L{\'a}szl{\'o} and Watts, Duncan J},
  year={2006},
  publisher={Princeton University Press},
  address={Princeton},
}

@article{newman2001random,
  title={基于ALICE的研究生招生咨询智能聊天机器人研究与实现},
  author={西南交通大学研究生学位论文 冯德虎},
  year={2013},
}
